@article{li09,
  title={The sequence alignment/map format and {SAM}tools},
  author={Li, Heng and Handsaker, Bob and Wysoker, Alec and Fennell, Tim and Ruan, Jue and Homer, Nils and Marth, Gabor and Abecasis, Goncalo and Durbin, Richard and others},
  journal={Bioinformatics},
  volume={25},
  number={16},
  pages={2078--2079},
  year={2009},
  publisher={Oxford Univ Press}
}

@article{niemenmaa12,
  title={{H}adoop-{BAM}: directly manipulating next generation sequencing data in the cloud},
  author={Niemenmaa, Matti and Kallio, Aleksi and Schumacher, Andr{\'e} and Klemel{\"a}, Petri and Korpelainen, Eija and Heljanko, Keijo},
  journal={Bioinformatics},
  volume={28},
  number={6},
  pages={876--877},
  year={2012},
  publisher={Oxford Univ Press}
}

@misc{nhgri,
  author={NHGRI},
  title={{DNA} Sequencing Costs},
  howpublished={\url{http://www.genome.gov/sequencingcosts/}}
}

@inproceedings{zaharia10,
  title={{S}park: cluster computing with working sets},
  author={Zaharia, Matei and Chowdhury, Mosharaf and Franklin, Michael J and Shenker, Scott and Stoica, Ion},
  booktitle={Proceedings of the 2nd USENIX conference on Hot topics in cloud computing},
  pages={10},
  year={2010}
}

@misc{avro,
  title={{A}vro},
  howpublished={\url{http://avro.apache.org}},
  author={Apache}
}

@misc{parquet,
  title={{P}arquet},
  howpublished={\url{http://www.parquet.io}},
  author={Twitter and Cloudera}
}