@article{li09,
  title={The sequence alignment/map format and {SAM}tools},
  author={Li, Heng and Handsaker, Bob and Wysoker, Alec and Fennell, Tim and Ruan, Jue and Homer, Nils and Marth, Gabor and Abecasis, Goncalo and Durbin, Richard and others},
  journal={Bioinformatics},
  volume={25},
  number={16},
  pages={2078--2079},
  year={2009},
  publisher={Oxford Univ Press}
}

@inproceedings{zaharia10,
  title={{S}park: cluster computing with working sets},
  author={Zaharia, Matei and Chowdhury, Mosharaf and Franklin, Michael J and Shenker, Scott and Stoica, Ion},
  booktitle={Proceedings of the 2nd USENIX conference on Hot topics in cloud computing},
  pages={10},
  year={2010}
}

@article{niemenmaa12,
  title={{H}adoop-{BAM}: directly manipulating next generation sequencing data in the cloud},
  author={Niemenmaa, Matti and Kallio, Aleksi and Schumacher, Andr{\'e} and Klemel{\"a}, Petri and Korpelainen, Eija and Heljanko, Keijo},
  journal={Bioinformatics},
  volume={28},
  number={6},
  pages={876--877},
  year={2012},
  publisher={Oxford Univ Press}
}

@article{kozanitis13,
  title={Using Genome Query Language to uncover genetic variation},
  author={Kozanitis, Christos and Heiberg, Andrew and Varghese, George and Bafna, Vineet},
  journal={Bioinformatics},
  year={2013},
  publisher={Oxford Univ Press}
}

@article{zimmermann80,
  title={{OSI} reference model--The {ISO} model of architecture for open systems interconnection},
  author={Zimmermann, Hubert},
  journal={IEEE Transactions on Communications},
  volume={28},
  number={4},
  pages={425--432},
  year={1980},
  publisher={IEEE}
}

@techreport{massie13,
    Author = {Massie, Matt and Nothaft, Frank Austin and Hartl, Christopher and Kozanitis, Christos and Schumacher, Andr\'{e} and Joseph, Anthony D. and Patterson, David A.},
    Title = {{ADAM}: Genomics Formats and Processing Patterns for Cloud Scale Computing},
    Institution = {EECS Department, University of California, Berkeley},
    Year = {2013},
    Month = {Dec},
    URL = {http://www.eecs.berkeley.edu/Pubs/TechRpts/2013/EECS-2013-207.html},
    Number = {UCB/EECS-2013-207}
}

@misc{avro,
  title={{A}vro},
  howpublished={\url{http://avro.apache.org}},
  author={Apache},
  year={2012}
}

@misc{parquet,
  title={{P}arquet},
  howpublished={\url{http://www.parquet.io}},
  author={Twitter and Cloudera},
  year={2013}
}

@misc{picard,
  title={{P}icard},
  howpublished={\url{http://picard.sourceforge.org}},
  year={2013},
  author={Picard}
}

@inproceedings{abadi06,
  title={{I}ntegrating compression and execution in column-oriented database systems},
  author={Abadi, Daniel and Madden, Samuel and Ferreira, Miguel},
  booktitle={Proceedings of the 2006 ACM SIGMOD international conference on Management of data},
  pages={671--682},
  year={2006},
  organization={ACM}
}

@article{zaharia11,
  title={Faster and more accurate sequence alignment with SNAP},
  author={Zaharia, Matei and Bolosky, William J and Curtis, Kristal and Fox, Armando and Patterson, David and Shenker, Scott and Stoica, Ion and Karp, Richard M and Sittler, Taylor},
  journal={arXiv preprint arXiv:1111.5572},
  year={2011}
}

@article{mcpherson09,
  title={Next-generation gap},
  author={McPherson, John D},
  journal={Nature Methods},
  volume={6},
  pages={S2--S5},
  year={2009},
  publisher={Nature Publishing Group}
}

@article{mckenna10,
  title={{T}he {G}enome {A}nalysis {T}oolkit: a {M}ap{R}educe framework for analyzing next-generation {DNA} sequencing data},
  author={McKenna, Aaron and Hanna, Matthew and Banks, Eric and Sivachenko, Andrey and Cibulskis, Kristian and Kernytsky, Andrew and Garimella, Kiran and Altshuler, David and Gabriel, Stacey and Daly, Mark and others},
  journal={Genome research},
  volume={20},
  number={9},
  pages={1297--1303},
  year={2010},
  publisher={Cold Spring Harbor Lab}
}

@inproceedings{zaharia12,
  title={Resilient distributed datasets: A fault-tolerant abstraction for in-memory cluster computing},
  author={Zaharia, Matei and Chowdhury, Mosharaf and Das, Tathagata and Dave, Ankur and Ma, Justin and McCauley, Murphy and Franklin, Michael and Shenker, Scott and Stoica, Ion},
  booktitle={Proceedings of the 9th USENIX conference on Networked Systems Design and Implementation},
  pages={2},
  year={2012},
  organization={USENIX Association}
}

@misc{thrift,
  title={Thrift},
  howpublished={\url{http://thrift.apache.org}},
  author={Apache},
  year={2012}
}

@misc{protobuf,
  title={Protocol Buffers},
  howpublished={\url{https://developers.google.com/protocol-buffers/docs/overview?csw=1}},
  author={Google},
  year={2012}
}

@article{dean08,
  title={{MapReduce}: simplified data processing on large clusters},
  author={Dean, Jeffrey and Ghemawat, Sanjay},
  journal={Communications of the ACM},
  volume={51},
  number={1},
  pages={107--113},
  year={2008},
  publisher={ACM}
}

@misc{hadoop,
  title={Hadoop},
  howpublished={\url{http://hadoop.apache.org}},
  author={Apache},
  year={2012}
}

@misc{docker,
  title={Docker},
  howpublished={\url{https://www.docker.io/}},
  author={Docker},
  year={2013}
}

@article{wang05,
  title={Genome-wide association studies: theoretical and practical concerns},
  author={Wang, William YS and Barratt, Bryan J and Clayton, David G and Todd, John A},
  journal={Nature Reviews Genetics},
  volume={6},
  number={2},
  pages={109--118},
  year={2005},
  publisher={Nature Publishing Group}
}