@article{li09,
  title={The sequence alignment/map format and {SAM}tools},
  author={Li, Heng and Handsaker, Bob and Wysoker, Alec and Fennell, Tim and Ruan, Jue and Homer, Nils and Marth, Gabor and Abecasis, Goncalo and Durbin, Richard and others},
  journal={Bioinformatics},
  volume={25},
  number={16},
  pages={2078--2079},
  year={2009},
  publisher={Oxford Univ Press}
}

@article{mckenna10,
  title={The {G}enome {A}nalysis {T}oolkit: a {M}ap{R}educe framework for analyzing next-generation {DNA} sequencing data},
  author={McKenna, Aaron and Hanna, Matthew and Banks, Eric and Sivachenko, Andrey and Cibulskis, Kristian and Kernytsky, Andrew and Garimella, Kiran and Altshuler, David and Gabriel, Stacey and Daly, Mark and others},
  journal={Genome research},
  volume={20},
  number={9},
  pages={1297--1303},
  year={2010},
  publisher={Cold Spring Harbor Lab}
}

@misc{nhgri,
  author={NHGRI},
  title={{DNA} Sequencing Costs},
  howpublished={\url{http://www.genome.gov/sequencingcosts/}}
}

@misc{adam,
  author={Matt Massie},
  title={{ADAM}: {D}atastore {A}lignment {M}ap},
  howpublished={\url{http://www.github.com/massie/adam}}
}

@article{kozanitis13,
  title={Using Genome Query Language to uncover genetic variation},
  author={Kozanitis, Christos and Heiberg, Andrew and Varghese, George and Bafna, Vineet},
  journal={Bioinformatics},
  year={2013},
  publisher={Oxford Univ Press}
}

@inproceedings{zaharia10,
  title={Spark: cluster computing with working sets},
  author={Zaharia, Matei and Chowdhury, Mosharaf and Franklin, Michael J and Shenker, Scott and Stoica, Ion},
  booktitle={Proceedings of the 2nd USENIX conference on Hot topics in cloud computing},
  pages={10--10},
  year={2010}
}

@article{xia09,
  title={{BIGGIE}: A Distributed Pipeline for Genomic Variant Calling},
  author={Xia, Richard and Sheehan, Sara and Zhang, Yuchen and Talwalkar, Ameet and Zaharia, Matei and Terhorst, Jonathan and Jordan, Michael and Song, Yun S and Fox, Armando and Patterson, David},
  volume={25},
  pages={2078--9},
  year={2009}
}

@article{chen09,
  title={BreakDancer: an algorithm for high-resolution mapping of genomic structural variation},
  author={Chen, Ken and Wallis, John W and McLellan, Michael D and Larson, David E and Kalicki, Joelle M and Pohl, Craig S and McGrath, Sean D and Wendl, Michael C and Zhang, Qunyuan and Locke, Devin P and others},
  journal={Nature methods},
  volume={6},
  number={9},
  pages={677--681},
  year={2009},
  publisher={Nature Publishing Group}
}

@article{li11,
  title={A statistical framework for {SNP} calling, mutation discovery, association mapping and population genetical parameter estimation from sequencing data},
  author={Li, Heng},
  journal={Bioinformatics},
  volume={27},
  number={21},
  pages={2987--2993},
  year={2011},
  publisher={Oxford Univ Press}
}

@article{smith81,
  title={Comparison of biosequences},
  author={Smith, Temple F and Waterman, Michael S},
  journal={Advances in Applied Mathematics},
  volume={2},
  number={4},
  pages={482--489},
  year={1981},
  publisher={Elsevier}
}

@article{zaharia11,
  title={Faster and more accurate sequence alignment with {SNAP}},
  author={Zaharia, Matei and Bolosky, William J and Curtis, Kristal and Fox, Armando and Patterson, David and Shenker, Scott and Stoica, Ion and Karp, Richard M and Sittler, Taylor},
  journal={arXiv preprint arXiv:1111.5572},
  year={2011}
}

@article{talwalkar13,
  title={{SMASH}: A Benchmarking Toolkit for Variant Calling},
  author={Talwalkar, Ameet and Liptrap, Jesse and Newcomb, Julie and Hartl, Christopher and Terhorst, Jonathan and Curtis, Kristal and Bresler, Ma'ayan and Song, Yun and Jordan, Michael I. and Patterson, David},
  year={2013}
}

@article{ukkonen85,
  title={Algorithms for approximate string matching},
  author={Ukkonen, Esko},
  journal={Information and control},
  volume={64},
  number={1},
  pages={100--118},
  year={1985},
  publisher={Elsevier}
}

@article{xia12,
  title={{BIGGIE}: A Distributed Pipeline for Genomic Variant Calling},
  author = {Xia, Richard and Sheehan, Sara and Zhang, Yuchen and Talwalkar, Ameet and Zaharia, Matei and Terhorst, Jonathan and Jordan, Michael and Song, Yun S. and Fox, Armando and Patterson, David},
  year={2012}
}

@article{bresler13,
title={Optimal Assembly for High Throughput Shotgun Sequencing},
author={Bresler, Guy and Bresler, Ma'ayan and Tse, David},
journal={BMC Bioinformatics},
volume={14},
number={S18},
year={2013},
publisher={BioMed Central Ltd.}
}

@article{carnevali12,
  title={Computational techniques for human genome resequencing using mated gapped reads},
  author={Carnevali, Paolo and Baccash, Jonathan and Halpern, Aaron L and Nazarenko, Igor and Nilsen, Geoffrey B and Pant, Krishna P and Ebert, Jessica C and Brownley, Anushka and Morenzoni, Matt and Karpinchyk, Vitali and others},
  journal={Journal of Computational Biology},
  volume={19},
  number={3},
  pages={279--292},
  year={2012},
  publisher={Mary Ann Liebert, Inc. 140 Huguenot Street, 3rd Floor New Rochelle, NY 10801 USA}
}