@article{talwalkar13,
  title={{SMASH}: A Benchmarking Toolkit for Variant Calling},
  author={Talwalkar, Ameet and Liptrap, Jesse and Newcomb, Julie and Hartl, Christopher and Terhorst, Jonathan and Curtis, Kristal and Bresler, Ma'ayan and Song, Yun S and Jordan, Michael I and Patterson, David},
  journal={arXiv preprint arXiv:1310.8420},
  year={2013}
}

@article{li09sam,
  title={The sequence alignment/map format and {SAM}tools},
  author={Li, Heng and Handsaker, Bob and Wysoker, Alec and Fennell, Tim and Ruan, Jue and Homer, Nils and Marth, Gabor and Abecasis, Goncalo and Durbin, Richard and others},
  journal={Bioinformatics},
  volume={25},
  number={16},
  pages={2078--2079},
  year={2009},
  publisher={Oxford Univ Press}
}

@article{mckenna10,
  title={The {G}enome {A}nalysis {T}oolkit: a {M}ap{R}educe framework for analyzing next-generation {DNA} sequencing data},
  author={McKenna, Aaron and Hanna, Matthew and Banks, Eric and Sivachenko, Andrey and Cibulskis, Kristian and Kernytsky, Andrew and Garimella, Kiran and Altshuler, David and Gabriel, Stacey and Daly, Mark and others},
  journal={Genome research},
  volume={20},
  number={9},
  pages={1297--1303},
  year={2010},
  publisher={Cold Spring Harbor Lab}
}

@misc{nhgri,
  author={NHGRI},
  title={{DNA} Sequencing Costs},
  howpublished={\url{http://www.genome.gov/sequencingcosts/}}
}

@article{li11,
  title={A statistical framework for {SNP} calling, mutation discovery, association mapping and population genetical parameter estimation from sequencing data},
  author={Li, Heng},
  journal={Bioinformatics},
  volume={27},
  number={21},
  pages={2987--2993},
  year={2011},
  publisher={Oxford Univ Press}
}

@techreport{massie13,
    Author = {Massie, Matt and Nothaft, Frank Austin and Hartl, Christopher and Kozanitis, Christos and Schumacher, AndrÂŽ and Joseph, Anthony D. and Patterson, David A.},
    Title = {{ADAM}: Genomics Formats and Processing Patterns for Cloud Scale Computing},
    Institution = {EECS Department, University of California, Berkeley},
    Year = {2013},
    Month = {Dec},
    URL = {http://www.eecs.berkeley.edu/Pubs/TechRpts/2013/EECS-2013-207.html},
    Number = {UCB/EECS-2013-207}
}

@article{snitkin12,
title={{T}racking a hospital outbreak of carbapenem-resistant {K}lebsiella pneumoniae with whole-genome sequencing},
author={Snitkin, Evan S and Zelazny, Adrian M and Thomas, Pamela J and Stock, Frida and Henderson, David K and Palmore, Tara N and Segre, Julia A and others},
journal={Science translational medicine},
volume={4}, 
number={148}, 
pages={148ra116--148ra116}, 
year={2012}, 
publisher={American Association for the Advancement of Science} 
}

@article{zaharia11,
  title={Faster and more accurate sequence alignment with {SNAP}},
  author={Zaharia, Matei and Bolosky, William J and Curtis, Kristal and Fox, Armando and Patterson, David and Shenker, Scott and Stoica, Ion and Karp, Richard M and Sittler, Taylor},
  journal={arXiv preprint arXiv:1111.5572},
  year={2011}
}

@article{danecek11,
  title={The variant call format and {VCF}tools},
  author={Danecek, Petr and Auton, Adam and Abecasis, Goncalo and Albers, Cornelis A and Banks, Eric and DePristo, Mark A and Handsaker, Robert E and Lunter, Gerton and Marth, Gabor T and Sherry, Stephen T and others},
  journal={Bioinformatics},
  volume={27},
  number={15},
  pages={2156--2158},
  year={2011},
  publisher={Oxford Univ Press}
}

@inproceedings{zaharia10,
  title={{S}park: cluster computing with working sets},
  author={Zaharia, Matei and Chowdhury, Mosharaf and Franklin, Michael J and Shenker, Scott and Stoica, Ion},
  booktitle={Proceedings of the 2nd USENIX conference on Hot topics in cloud computing},
  pages={10},
  year={2010}
}

@article{depristo11,
  title={A framework for variation discovery and genotyping using next-generation {DNA} sequencing data},
  author={DePristo, Mark A and Banks, Eric and Poplin, Ryan and Garimella, Kiran V and Maguire, Jared R and Hartl, Christopher and Philippakis, Anthony A and del Angel, Guillermo and Rivas, Manuel A and Hanna, Matt and others},
  journal={Nature genetics},
  volume={43},
  number={5},
  pages={491--498},
  year={2011},
  publisher={Nature Publishing Group}
}

@article{garrison12,
  title={Haplotype-based variant detection from short-read sequencing},
  author={Garrison, Erik and Marth, Gabor},
  journal={arXiv preprint arXiv:1207.3907},
  year={2012}
}

@article{niemenmaa12,
  title={{H}adoop-{BAM}: directly manipulating next generation sequencing data in the cloud},
  author={Niemenmaa, Matti and Kallio, Aleksi and Schumacher, Andr{\'e} and Klemel{\"a}, Petri and Korpelainen, Eija and Heljanko, Keijo},
  journal={Bioinformatics},
  volume={28},
  number={6},
  pages={876--877},
  year={2012},
  publisher={Oxford Univ Press}
}

@misc{parquet,
  title={{P}arquet},
  howpublished={\url{http://www.parquet.io}},
  author={Twitter and Cloudera}
}

@article{tao13,
  title={Low concordance of multiple variant-calling pipelines: practical implications for exome and genome sequencing},
  author={Jiang, Tao and Sun, Guangqing and Wu, Yiyang and Wang, Wei and Hu, Jingchu and Bodily, Paul and Tian, Lifeng and Hakonarson, Hakon and Johnson, W Evan and others},
  year={2013}
}

@article{siva08,
  title={1000 Genomes project},
  author={Siva, Nayanah},
  journal={Nature biotechnology},
  volume={26},
  number={3},
  pages={256--256},
  year={2008},
  publisher={Nature Publishing Group}
}

@article{altschul90,
  title={Basic local alignment search tool},
  author={Altschul, Stephen F and Gish, Warren and Miller, Webb and Myers, Eugene W and Lipman, David J},
  journal={Journal of molecular biology},
  volume={215},
  number={3},
  pages={403--410},
  year={1990},
  publisher={Elsevier}
}

@article{li09bwa,
  title={Fast and accurate short read alignment with {B}urrows-{W}heeler transform},
  author={Li, Heng and Durbin, Richard},
  journal={Bioinformatics},
  volume={25},
  number={14},
  pages={1754--1760},
  year={2009},
  publisher={Oxford Univ Press}
}

@article{langmead09,
  title={Ultrafast and memory-efficient alignment of short {DNA} sequences to the human genome},
  author={Langmead, Ben and Trapnell, Cole and Pop, Mihai and Salzberg, Steven L and others},
  journal={Genome Biol},
  volume={10},
  number={3},
  pages={R25},
  year={2009}
}

@article{albers11,
  title={Dindel: Accurate indel calls from short-read data},
  author={Albers, Cornelis A and Lunter, Gerton and MacArthur, Daniel G and McVean, Gilean and Ouwehand, Willem H and Durbin, Richard},
  journal={Genome Research},
  volume={21},
  pages={961--973},
  year={2011}
}

@book{durbin98,
  title={Biological Sequence Analysis: Probabilistic Models of Proteins and Nucleic Acids},
  author={Durbin, Richard and Eddy, Sean R and Krogh, Anders and Mitchison, Graeme},
  year={1998},
  publisher={Cambridge Univ Press}
}

@article{carnevali12,
  title={Computational Techniques for Human Genome Resequencing Using Mated Gapped Reads},
  author={Carnevali, Paolo and Baccash, Jonathan and Halpern, Aaron L and Nazarenko, Igor and Nilsen, Geoffrey B and Pant, Krishna P and Ebert, Jessica C and Brownley, Anushka and Morenzoni, M and Karpinchyk, V and Martin, B and Ballinger, Dennis G and Drmanac, Radoje},
  journal={Journal of Computational Biology},
  volume={19},
  number={3},
  pages={279--292},
  year={2012}
}

@article{pevzner01,
  title={An Eulerian path approach to DNA fragment assembly},
  author={Pevzner, Pavel A and Tang, Haixu and Waterman, Michael S},
  journal={Proceedings of the National Academy of Sciences},
  volume={98},
  number={17},
  pages={9748--9753},
  year={2001}
}

@article{sherry01,
  title={dbSNP: the NCBI database of genetic variation},
  author={Sherry, S T and Ward, M-H and Kholodov, M and Baker, J and Phan, L and Smigielski, E M and Sirotkin, K},
  journal={Nucleic Acids Research},
  volume={29},
  number={1},
  pages={308--311},
  year={2001}
}

@article{hapmap,
  title={The International HapMap Project},
  author={{The International HapMap Consortium}},
  journal={Nature},
  volume={426},
  pages={6968},
  year={2003}
}

@misc{massingham12,
  title={sim{NGS} and sim{L}library},
  howpublished={\url{http://www.ebi.ac.uk/goldman-srv/simNGS/}},
  author={Tim Massingham},
  year={2012}
}

@misc{borthakur07,
  title={The hadoop distributed file system: Architecture and design},
  author={Borthakur, Dhruba},
  year={2007}
}

