@article{li09,
  title={The sequence alignment/map format and {SAM}tools},
  author={Li, Heng and Handsaker, Bob and Wysoker, Alec and Fennell, Tim and Ruan, Jue and Homer, Nils and Marth, Gabor and Abecasis, Goncalo and Durbin, Richard and others},
  journal={Bioinformatics},
  volume={25},
  number={16},
  pages={2078--2079},
  year={2009},
  publisher={Oxford Univ Press}
}

@misc{avro,
  title={{A}pache {A}vro},
  howpublished={\url{http://avro.apache.org}}
}

@misc{parquet,
  title={{P}arquet},
  howpublished={\url{http://www.parquet.io}}
}

@misc{picard,
  title={{P}icard},
  howpublished={\url{http://picard.sourceforge.org}}
}

@misc{gaparquet,
  title={{GAP}arquet},
  author={"Hartl, Christopher"},
  howpublished={\url{http://www.github.com/chartl/gaparquet}}
}

@misc{hive,
	title={{A}pache {H}ive},
	howpublished={\url{http://hive.apache.org/}}
}
@misc{impala,
	title={{C}loudera {I}mpala},
	howpublished={\url{http://www.cloudera.com/content/cloudera/en/products/cdh/impala.html}}
}

@inproceedings{zaharia10,
  title={Spark: cluster computing with working sets},
  author={Zaharia, Matei and Chowdhury, Mosharaf and Franklin, Michael J and Shenker, Scott and Stoica, Ion},
  booktitle={Proceedings of the 2nd USENIX conference on Hot topics in cloud computing},
  pages={10},
  year={2010}
}

@misc{nhgri,
  author={NHGRI},
  title={{DNA} Sequencing Costs},
  howpublished={\url{http://www.genome.gov/sequencingcosts/}}
}

@article{mckenna10,
  title={{T}he {G}enome {A}nalysis {T}oolkit: a {M}ap{R}educe framework for analyzing next-generation {DNA} sequencing data},
  author={McKenna, Aaron and Hanna, Matthew and Banks, Eric and Sivachenko, Andrey and Cibulskis, Kristian and Kernytsky, Andrew and Garimella, Kiran and Altshuler, David and Gabriel, Stacey and Daly, Mark and others},
  journal={Genome research},
  volume={20},
  number={9},
  pages={1297--1303},
  year={2010},
  publisher={Cold Spring Harbor Lab}
}

@article{depristo11,
  title={{A} framework for variation discovery and genotyping using next-generation {DNA} sequencing data},
  author={DePristo, Mark A and Banks, Eric and Poplin, Ryan and Garimella, Kiran V and Maguire, Jared R and Hartl, Christopher and Philippakis, Anthony A and del Angel, Guillermo and Rivas, Manuel A and Hanna, Matt and others},
  journal={Nature genetics},
  volume={43},
  number={5},
  pages={491--498},
  year={2011},
  publisher={Nature Publishing Group}
}

@article{smith81,
  title={{C}omparison of biosequences},
  author={Smith, Temple F and Waterman, Michael S},
  journal={Advances in Applied Mathematics},
  volume={2},
  number={4},
  pages={482--489},
  year={1981},
  publisher={Elsevier}
}

@inproceedings{abadi06,
  title={{I}ntegrating compression and execution in column-oriented database systems},
  author={Abadi, Daniel and Madden, Samuel and Ferreira, Miguel},
  booktitle={Proceedings of the 2006 ACM SIGMOD international conference on Management of data},
  pages={671--682},
  year={2006},
  organization={ACM}
}

@article{lamb12,
  title={The vertica analytic database: C-store 7 years later},
  author={Lamb, Andrew and Fuller, Matt and Varadarajan, Ramakrishna and Tran, Nga and Vandiver, Ben and Doshi, Lyric and Bear, Chuck},
  journal={Proceedings of the VLDB Endowment},
  volume={5},
  number={12},
  pages={1790--1801},
  year={2012},
  publisher={VLDB Endowment}
}

@article{niemenmaa12,
  title={{H}adoop-{BAM}: directly manipulating next generation sequencing data in the cloud},
  author={Niemenmaa, Matti and Kallio, Aleksi and Schumacher, Andr{\'e} and Klemel{\"a}, Petri and Korpelainen, Eija and Heljanko, Keijo},
  journal={Bioinformatics},
  volume={28},
  number={6},
  pages={876--877},
  year={2012},
  publisher={Oxford Univ Press}
}

@article{fritz11,
  title={Efficient storage of high throughput DNA sequencing data using reference-based compression},
  author={Fritz, Markus Hsi-Yang and Leinonen, Rasko and Cochrane, Guy and Birney, Ewan},
  journal={Genome research},
  volume={21},
  number={5},
  pages={734--740},
  year={2011},
  publisher={Cold Spring Harbor Lab}
}

@inproceedings{zaharia12,
  title={Resilient distributed datasets: A fault-tolerant abstraction for in-memory cluster computing},
  author={Zaharia, Matei and Chowdhury, Mosharaf and Das, Tathagata and Dave, Ankur and Ma, Justin and McCauley, Murphy and Franklin, Michael and Shenker, Scott and Stoica, Ion},
  booktitle={Proceedings of the 9th USENIX conference on Networked Systems Design and Implementation},
  pages={2},
  year={2012},
  organization={USENIX Association}
}

@article{zimmermann80,
  title={{OSI} reference model--The {ISO} model of architecture for open systems interconnection},
  author={Zimmermann, Hubert},
  journal={IEEE Transactions on Communications},
  volume={28},
  number={4},
  pages={425--432},
  year={1980},
  publisher={IEEE}
}

@article{kozanitis13,
  title={Using Genome Query Language to uncover genetic variation},
  author={Kozanitis, Christos and Heiberg, Andrew and Varghese, George and Bafna, Vineet},
  journal={Bioinformatics},
  year={2013},
  publisher={Oxford Univ Press}
}

@inproceedings{stonebraker05,
  title={C-store: a column-oriented DBMS},
  author={Stonebraker, Mike and Abadi, Daniel J and Batkin, Adam and Chen, Xuedong and Cherniack, Mitch and Ferreira, Miguel and Lau, Edmond and Lin, Amerson and Madden, Sam and O'Neil, Elizabeth and others},
  booktitle={Proceedings of the 31st international conference on Very large data bases},
  pages={553--564},
  year={2005},
  organization={VLDB Endowment}
}

@Article{WanBioinformatics,
   Author="Wan, R.  and Anh, V. N.  and Asai, K. ",
   Title="{{T}ransformations for the compression of {F}{A}{S}{T}{Q} quality scores of next-generation sequencing data}",
   Journal="Bioinformatics",
   Year="2012",
   Volume="28",
   Number="5",
   Pages="628--635",
   Month="Mar"
}

@Article{Popitsch2012,
   Author="Popitsch, N.  and von Haeseler, A. ",
   Title="{{N}{G}{C}: lossless and lossy compression of aligned high-throughput sequencing data}",
   Journal="Nucleic Acids Res.",
   Year="2012",
   Pages=" ",
   Month="Oct"
}

@ARTICLE{Asnani2012,
   author = {{Asnani}, H. and {Bharadia}, D. and {Chowdhury}, M. and {Ochoa}, I. and 
	{Sharon}, I. and {Weissman}, T.},
    title = "{Lossy Compression of Quality Values via Rate Distortion Theory}",
  journal = {ArXiv e-prints},
archivePrefix = "arXiv",
   eprint = {1207.5184},
 primaryClass = "q-bio.GN",
 keywords = {Quantitative Biology - Genomics, Computer Science - Information Theory, Quantitative Biology - Quantitative Methods},
     year = 2012,
    month = jul,
   adsurl = {http://adsabs.harvard.edu/abs/2012arXiv1207.5184A},
  adsnote = {Provided by the SAO/NASA Astrophysics Data System}
}

@Article{CoxBW,
   Author="Cox, A. J.  and Bauer, M. J.  and Jakobi, T.  and Rosone, G. ",
   Title="{{L}arge-scale compression of genomic sequence databases with the {B}urrows-{W}heeler transform}",
   Journal="Bioinformatics",
   Year="2012",
   Volume="28",
   Number="11",
   Pages="1415--1419",
   Month="Jun"
}

@Article{recoil,
   Author="Yanovsky, V. ",
   Title="{{R}e{C}oil - an algorithm for compression of extremely large datasets of dna data}",
   Journal="Algorithms Mol Biol",
   Year="2011",
   Volume="6",
   Pages="23"
}

@Article{Jones2012,
   Author="Jones, D. C.  and Ruzzo, W. L.  and Peng, X.  and Katze, M. G. ",
   Title="{{C}ompression of next-generation sequencing reads aided by highly efficient de novo assembly}",
   Journal="Nucleic Acids Res.",
   Year="2012",
   Pages=" ",
   Month="Aug"
}

@Article{SRA,
   Author="Wheeler, D. L.  and others",
   Title="{{D}atabase resources of the {N}ational {C}enter for {B}iotechnology {I}nformation}",
   Journal="Nucleic Acids Res.",
   Year="2008",
   Volume="36",
   Pages="13--21",
   Month="Jan"
}

@InProceedings{conf:kozanitis2010,
  author = 	 {Kozanitis, C. and Saunders, C. and Kruglyak, S. and Bafna, V. and Varghese, G.},
  title = 	 "{Compressing genomic sequence fragments using SlimGene}",
  OPTcrossref =  {},
  OPTkey = 	 {},
  booktitle =    RECOMB,
  pages = 	 {310-424},
  year = 	 {2010},
  OPTeditor = 	 {},
  OPTvolume = 	 {},
  OPTnumber = 	 {},
  OPTseries = 	 {},
  OPTaddress = 	 {},
  OPTmonth = 	 {},
  OPTorganization = {},
  OPTpublisher = {},
  note = 	 {(Accepted for publication in Jnl. of Computational Biology)},
  OPTannote = 	 {}
}

@Article{kozanitis2011,
   Author="Kozanitis, C.  and Saunders, C.  and Kruglyak, S.  and Bafna, V.  and Varghese, G. ",
   Title="{{C}ompressing genomic sequence fragments using {S}lim{G}ene}",
   Journal="J. Comput. Biol.",
   Year="2011",
   Volume="18",
   Number="3",
   Pages="401--413",
   Month="Mar"
}

@Article{Janin2013,
   Author="Janin, L.  and Rosone, G.  and Cox, A. J. ",
   Title="{{A}daptive reference-free compression of sequence quality scores}",
   Journal="Bioinformatics",
   Year="2013",
   Pages=" ",
   Month="Jun"
}

@Article{bafna2013,
  author = 	 {Bafna, V. and Deutsch, A. and Heiberg, A. and Kozanitis, C. and Ohno-Machado, L. and Varghese, G.},
  title = 	 "{Abstractions for Genomics: Or, which way to the Genomic Information Age?}",
  journal = 	 "{Communications of the ACM}",
  year = 	 {2013},
  OPTkey = 	 {},
  OPTvolume = 	 {},
  OPTnumber = 	 {},
  OPTpages = 	 {},
  OPTmonth = 	 {},
  note = 	 {(To appear)},
  OPTannote = 	 {}
}

@inproceedings{shark,
 author = {Xin, Reynold S. and Rosen, Josh and Zaharia, Matei and Franklin, Michael J. and Shenker, Scott and Stoica, Ion},
 title = {Shark: SQL and rich analytics at scale},
 booktitle = {Proceedings of the 2013 ACM SIGMOD International Conference on Management of Data},
 series = {SIGMOD '13},
 year = {2013},
 isbn = {978-1-4503-2037-5},
 location = {New York, New York, USA},
 pages = {13--24},
 numpages = {12},
 url = {http://doi.acm.org/10.1145/2463676.2465288},
 doi = {10.1145/2463676.2465288},
 acmid = {2465288},
 publisher = {ACM},
 address = {New York, NY, USA},
 keywords = {data warehouse, databases, hadoop, machine learning, shark, spark},
} 



